@article{SC03,
  title={Maximum cuts and judicious partitions in graphs without short cycles},
  author={Alon, Noga and Bollob{\'a}s, B{\'e}la and Krivelevich, Michael and Sudakov, Benny},
  journal={Journal of Combinatorial Theory, Series B},
  volume={88},
  number={2},
  pages={329--346},
  year={2003},
  publisher={Elsevier}
}

@misc{WP24,
    author = "{Wikipedia contributors}",
    title = "Maximum cut --- {Wikipedia}{,} The Free Encyclopedia",
    year = "2024",
    howpublished = "\url{https://en.wikipedia.org/w/index.php?title=Maximum_cut&oldid=1247744814}",
    note = "[Online; accessed 27-October-2024]"
  }